@article{GWTC1_2019,
  title = {GWTC-1: A Gravitational-Wave Transient Catalog of Compact Binary Mergers Observed by LIGO and Virgo during the First and Second Observing Runs},
  author = {Abbott, B. P. and Abbott, R. and Abbott, T. D. and Abraham, S. and Acernese, F. and Ackley, K. and Adams, C. and Adhikari, R. X. and Adya, V. B. and Affeldt, C. and Agathos, M. and Agatsuma, K. and Aggarwal, N. and Aguiar, O. D. and Aiello, L. and Ain, A. and Ajith, P. and Allen, G. and Allocca, A. and Aloy, M. A. and Altin, P. A. and Amato, A. and Ananyeva, A. and Anderson, S. B. and Anderson, W. G. and Angelova, S. V. and Antier, S. and Appert, S. and Arai, K. and Araya, M. C. and Areeda, J. S. and Ar\`ene, M. and Arnaud, N. and Arun, K. G. and Ascenzi, S. and Ashton, G. and Aston, S. M. and Astone, P. and Aubin, F. and Aufmuth, P. and AultONeal, K. and Austin, C. and Avendano, V. and Avila-Alvarez, A. and Babak, S. and Bacon, P. and Badaracco, F. and Bader, M. K. M. and Bae, S. and Baker, P. T. and Baldaccini, F. and Ballardin, G. and Ballmer, S. W. and Banagiri, S. and Barayoga, J. C. and Barclay, S. E. and Barish, B. C. and Barker, D. and Barkett, K. and Barnum, S. and Barone, F. and Barr, B. and Barsotti, L. and Barsuglia, M. and Barta, D. and Bartlett, J. and Bartos, I. and Bassiri, R. and Basti, A. and Bawaj, M. and Bayley, J. C. and Bazzan, M. and B\'ecsy, B. and Bejger, M. and Belahcene, I. and Bell, A. S. and Beniwal, D. and Berger, B. K. and Bergmann, G. and Bernuzzi, S. and Bero, J. J. and Berry, C. P. L. and Bersanetti, D. and Bertolini, A. and Betzwieser, J. and Bhandare, R. and Bidler, J. and Bilenko, I. A. and Bilgili, S. A. and Billingsley, G. and Birch, J. and Birney, R. and Birnholtz, O. and Biscans, S. and Biscoveanu, S. and Bisht, A. and Bitossi, M. and Bizouard, M. A. and Blackburn, J. K. and Blackman, J. and Blair, C. D. and Blair, D. G. and Blair, R. M. and Bloemen, S. and Bode, N. and Boer, M. and Boetzel, Y. and Bogaert, G. and Bondu, F. and Bonilla, E. and Bonnand, R. and Booker, P. and Boom, B. A. and Booth, C. D. and Bork, R. and Boschi, V. and Bose, S. and Bossie, K. and Bossilkov, V. and Bosveld, J. and Bouffanais, Y. and Bozzi, A. and Bradaschia, C. and Brady, P. R. and Bramley, A. and Branchesi, M. and Brau, J. E. and Briant, T. and Briggs, J. H. and Brighenti, F. and Brillet, A. and Brinkmann, M. and Brisson, V. and Brockill, P. and Brooks, A. F. and Brown, D. D. and Brunett, S. and Buikema, A. and Bulik, T. and Bulten, H. J. and Buonanno, A. and Buskulic, D. and Bustamante Rosell, M. J. and Buy, C. and Byer, R. L. and Cabero, M. and Cadonati, L. and Cagnoli, G. and Cahillane, C. and Calder\'on Bustillo, J. and Callister, T. A. and Calloni, E. and Camp, J. B. and Campbell, W. A. and Canepa, M. and Cannon, K. C. and Cao, H. and Cao, J. and Capocasa, E. and Carbognani, F. and Caride, S. and Carney, M. F. and Carullo, G. and Casanueva Diaz, J. and Casentini, C. and Caudill, S. and Cavagli\`a, M. and Cavalier, F. and Cavalieri, R. and Cella, G. and Cerd\'a-Dur\'an, P. and Cerretani, G. and Cesarini, E. and Chaibi, O. and Chakravarti, K. and Chamberlin, S. J. and Chan, M. and Chao, S. and Charlton, P. and Chase, E. A. and Chassande-Mottin, E. and Chatterjee, D. and Chaturvedi, M. and Chatziioannou, K. and Cheeseboro, B. D. and Chen, H. Y. and Chen, X. and Chen, Y. and Cheng, H.-P. and Cheong, C. K. and Chia, H. Y. and Chincarini, A. and Chiummo, A. and Cho, G. and Cho, H. S. and Cho, M. and Christensen, N. and Chu, Q. and Chua, S. and Chung, K. W. and Chung, S. and Ciani, G. and Ciobanu, A. A. and Ciolfi, R. and Cipriano, F. and Cirone, A. and Clara, F. and Clark, J. A. and Clearwater, P. and Cleva, F. and Cocchieri, C. and Coccia, E. and Cohadon, P.-F. and Cohen, D. and Colgan, R. and Colleoni, M. and Collette, C. G. and Collins, C. and Cominsky, L. R. and Constancio, M. and Conti, L. and Cooper, S. J. and Corban, P. and Corbitt, T. R. and Cordero-Carri\'on, I. and Corley, K. R. and Cornish, N. and Corsi, A. and Cortese, S. and Costa, C. A. and Cotesta, R. and Coughlin, M. W. and Coughlin, S. B. and Coulon, J.-P. and Countryman, S. T. and Couvares, P. and Covas, P. B. and Cowan, E. E. and Coward, D. M. and Cowart, M. J. and Coyne, D. C. and Coyne, R. and Creighton, J. D. E. and Creighton, T. D. and Cripe, J. and Croquette, M. and Crowder, S. G. and Cullen, T. J. and Cumming, A. and Cunningham, L. and Cuoco, E. and Canton, T. Dal and D\'alya, G. and Danilishin, S. L. and D'Antonio, S. and Danzmann, K. and Dasgupta, A. and Da Silva Costa, C. F. and Datrier, L. E. H. and Dattilo, V. and Dave, I. and Davier, M. and Davis, D. and Daw, E. J. and DeBra, D. and Deenadayalan, M. and Degallaix, J. and De Laurentis, M. and Del\'eglise, S. and Del Pozzo, W. and DeMarchi, L. M. and Demos, N. and Dent, T. and De Pietri, R. and Derby, J. and De Rosa, R. and De Rossi, C. and DeSalvo, R. and de Varona, O. and Dhurandhar, S. and D\'{\i}az, M. C. and Dietrich, T. and Di Fiore, L. and Di Giovanni, M. and Di Girolamo, T. and Di Lieto, A. and Ding, B. and Di Pace, S. and Di Palma, I. and Di Renzo, F. and Dmitriev, A. and Doctor, Z. and Donovan, F. and Dooley, K. L. and Doravari, S. and Dorrington, I. and Downes, T. P. and Drago, M. and Driggers, J. C. and Du, Z. and Ducoin, J.-G. and Dupej, P. and Dwyer, S. E. and Easter, P. J. and Edo, T. B. and Edwards, M. C. and Effler, A. and Ehrens, P. and Eichholz, J. and Eikenberry, S. S. and Eisenmann, M. and Eisenstein, R. A. and Essick, R. C. and Estelles, H. and Estevez, D. and Etienne, Z. B. and Etzel, T. and Evans, M. and Evans, T. M. and Fafone, V. and Fair, H. and Fairhurst, S. and Fan, X. and Farinon, S. and Farr, B. and Farr, W. M. and Fauchon-Jones, E. J. and Favata, M. and Fays, M. and Fazio, M. and Fee, C. and Feicht, J. and Fejer, M. M. and Feng, F. and Fernandez-Galiana, A. and Ferrante, I. and Ferreira, E. C. and Ferreira, T. A. and Ferrini, F. and Fidecaro, F. and Fiori, I. and Fiorucci, D. and Fishbach, M. and Fisher, R. P. and Fishner, J. M. and Fitz-Axen, M. and Flaminio, R. and Fletcher, M. and Flynn, E. and Fong, H. and Font, J. A. and Forsyth, P. W. F. and Fournier, J.-D. and Frasca, S. and Frasconi, F. and Frei, Z. and Freise, A. and Frey, R. and Frey, V. and Fritschel, P. and Frolov, V. V. and Fulda, P. and Fyffe, M. and Gabbard, H. A. and Gadre, B. U. and Gaebel, S. M. and Gair, J. R. and Gammaitoni, L. and Ganija, M. R. and Gaonkar, S. G. and Garcia, A. and Garc\'{\i}a-Quir\'os, C. and Garufi, F. and Gateley, B. and Gaudio, S. and Gaur, G. and Gayathri, V. and Gemme, G. and Genin, E. and Gennai, A. and George, D. and George, J. and Gergely, L. and Germain, V. and Ghonge, S. and Ghosh, Abhirup and Ghosh, Archisman and Ghosh, S. and Giacomazzo, B. and Giaime, J. A. and Giardina, K. D. and Giazotto, A. and Gill, K. and Giordano, G. and Glover, L. and Godwin, P. and Goetz, E. and Goetz, R. and Goncharov, B. and Gonz\'alez, G. and Gonzalez Castro, J. M. and Gopakumar, A. and Gorodetsky, M. L. and Gossan, S. E. and Gosselin, M. and Gouaty, R. and Grado, A. and Graef, C. and Granata, M. and Grant, A. and Gras, S. and Grassia, P. and Gray, C. and Gray, R. and Greco, G. and Green, A. C. and Green, R. and Gretarsson, E. M. and Groot, P. and Grote, H. and Grunewald, S. and Gruning, P. and Guidi, G. M. and Gulati, H. K. and Guo, Y. and Gupta, A. and Gupta, M. K. and Gustafson, E. K. and Gustafson, R. and Haegel, L. and Halim, O. and Hall, B. R. and Hall, E. D. and Hamilton, E. Z. and Hammond, G. and Haney, M. and Hanke, M. M. and Hanks, J. and Hanna, C. and Hannam, M. D. and Hannuksela, O. A. and Hanson, J. and Hardwick, T. and Haris, K. and Harms, J. and Harry, G. M. and Harry, I. W. and Haster, C.-J. and Haughian, K. and Hayes, F. J. and Healy, J. and Heidmann, A. and Heintze, M. C. and Heitmann, H. and Hello, P. and Hemming, G. and Hendry, M. and Heng, I. S. and Hennig, J. and Heptonstall, A. W. and Hernandez Vivanco, Francisco and Heurs, M. and Hild, S. and Hinderer, T. and Hoak, D. and Hochheim, S. and Hofman, D. and Holgado, A. M. and Holland, N. A. and Holt, K. and Holz, D. E. and Hopkins, P. and Horst, C. and Hough, J. and Howell, E. J. and Hoy, C. G. and Hreibi, A. and Huang, Y. and Huerta, E. A. and Huet, D. and Hughey, B. and Hulko, M. and Husa, S. and Huttner, S. H. and Huynh-Dinh, T. and Idzkowski, B. and Iess, A. and Ingram, C. and Inta, R. and Intini, G. and Irwin, B. and Isa, H. N. and Isac, J.-M. and Isi, M. and Iyer, B. R. and Izumi, K. and Jacqmin, T. and Jadhav, S. J. and Jani, K. and Janthalur, N. N. and Jaranowski, P. and Jenkins, A. C. and Jiang, J. and Johnson, D. S. and Johnson-McDaniel, N. K. and Jones, A. W. and Jones, D. I. and Jones, R. and Jonker, R. J. G. and Ju, L. and Junker, J. and Kalaghatgi, C. V. and Kalogera, V. and Kamai, B. and Kandhasamy, S. and Kang, G. and Kanner, J. B. and Kapadia, S. J. and Karki, S. and Karvinen, K. S. and Kashyap, R. and Kasprzack, M. and Katsanevas, S. and Katsavounidis, E. and Katzman, W. and Kaufer, S. and Kawabe, K. and Keerthana, N. V. and K\'ef\'elian, F. and Keitel, D. and Kennedy, R. and Key, J. S. and Khalili, F. Y. and Khan, H. and Khan, I. and Khan, S. and Khan, Z. and Khazanov, E. A. and Khursheed, M. and Kijbunchoo, N. and Kim, Chunglee and Kim, J. C. and Kim, K. and Kim, W. and Kim, W. S. and Kim, Y.-M. and Kimball, C. and King, E. J. and King, P. J. and Kinley-Hanlon, M. and Kirchhoff, R. and Kissel, J. S. and Kleybolte, L. and Klika, J. H. and Klimenko, S. and Knowles, T. D. and Koch, P. and Koehlenbeck, S. M. and Koekoek, G. and Koley, S. and Kondrashov, V. and Kontos, A. and Koper, N. and Korobko, M. and Korth, W. Z. and Kowalska, I. and Kozak, D. B. and Kringel, V. and Krishnendu, N. and Kr\'olak, A. and Kuehn, G. and Kumar, A. and Kumar, P. and Kumar, R. and Kumar, S. and Kuo, L. and Kutynia, A. and Kwang, S. and Lackey, B. D. and Lai, K. H. and Lam, T. L. and Landry, M. and Lane, B. B. and Lang, R. N. and Lange, J. and Lantz, B. and Lanza, R. K. and Lartaux-Vollard, A. and Lasky, P. D. and Laxen, M. and Lazzarini, A. and Lazzaro, C. and Leaci, P. and Leavey, S. and Lecoeuche, Y. K. and Lee, C. H. and Lee, H. K. and Lee, H. M. and Lee, H. W. and Lee, J. and Lee, K. and Lehmann, J. and Lenon, A. and Leroy, N. and Letendre, N. and Levin, Y. and Li, J. and Li, K. J. L. and Li, T. G. F. and Li, X. and Lin, F. and Linde, F. and Linker, S. D. and Littenberg, T. B. and Liu, J. and Liu, X. and Lo, R. K. L. and Lockerbie, N. A. and London, L. T. and Longo, A. and Lorenzini, M. and Loriette, V. and Lormand, M. and Losurdo, G. and Lough, J. D. and Lousto, C. O. and Lovelace, G. and Lower, M. E. and L\"uck, H. and Lumaca, D. and Lundgren, A. P. and Lynch, R. and Ma, Y. and Macas, R. and Macfoy, S. and MacInnis, M. and Macleod, D. M. and Macquet, A. and Maga\~na-Sandoval, F. and Maga\~na Zertuche, L. and Magee, R. M. and Majorana, E. and Maksimovic, I. and Malik, A. and Man, N. and Mandic, V. and Mangano, V. and Mansell, G. L. and Manske, M. and Mantovani, M. and Marchesoni, F. and Marion, F. and M\'arka, S. and M\'arka, Z. and Markakis, C. and Markosyan, A. S. and Markowitz, A. and Maros, E. and Marquina, A. and Marsat, S. and Martelli, F. and Martin, I. W. and Martin, R. M. and Martynov, D. V. and Mason, K. and Massera, E. and Masserot, A. and Massinger, T. J. and Masso-Reid, M. and Mastrogiovanni, S. and Matas, A. and Matichard, F. and Matone, L. and Mavalvala, N. and Mazumder, N. and McCann, J. J. and McCarthy, R. and McClelland, D. E. and McCormick, S. and McCuller, L. and McGuire, S. C. and McIver, J. and McManus, D. J. and McRae, T. and McWilliams, S. T. and Meacher, D. and Meadors, G. D. and Mehmet, M. and Mehta, A. K. and Meidam, J. and Melatos, A. and Mendell, G. and Mercer, R. A. and Mereni, L. and Merilh, E. L. and Merzougui, M. and Meshkov, S. and Messenger, C. and Messick, C. and Metzdorff, R. and Meyers, P. M. and Miao, H. and Michel, C. and Middleton, H. and Mikhailov, E. E. and Milano, L. and Miller, A. L. and Miller, A. and Millhouse, M. and Mills, J. C. and Milovich-Goff, M. C. and Minazzoli, O. and Minenkov, Y. and Mishkin, A. and Mishra, C. and Mistry, T. and Mitra, S. and Mitrofanov, V. P. and Mitselmakher, G. and Mittleman, R. and Mo, G. and Moffa, D. and Mogushi, K. and Mohapatra, S. R. P. and Montani, M. and Moore, C. J. and Moraru, D. and Moreno, G. and Morisaki, S. and Mours, B. and Mow-Lowry, C. M. and Mukherjee, Arunava and Mukherjee, D. and Mukherjee, S. and Mukund, N. and Mullavey, A. and Munch, J. and Mu\~niz, E. A. and Muratore, M. and Murray, P. G. and Nagar, A. and Nardecchia, I. and Naticchioni, L. and Nayak, R. K. and Neilson, J. and Nelemans, G. and Nelson, T. J. N. and Nery, M. and Neunzert, A. and Ng, K. Y. and Ng, S. and Nguyen, P. and Nichols, D. and Nielsen, A. B. and Nissanke, S. and Nitz, A. and Nocera, F. and North, C. and Nuttall, L. K. and Obergaulinger, M. and Oberling, J. and O'Brien, B. D. and O'Dea, G. D. and Ogin, G. H. and Oh, J. J. and Oh, S. H. and Ohme, F. and Ohta, H. and Okada, M. A. and Oliver, M. and Oppermann, P. and Oram, Richard J. and O'Reilly, B. and Ormiston, R. G. and Ortega, L. F. and O'Shaughnessy, R. and Ossokine, S. and Ottaway, D. J. and Overmier, H. and Owen, B. J. and Pace, A. E. and Pagano, G. and Page, M. A. and Pai, A. and Pai, S. A. and Palamos, J. R. and Palashov, O. and Palomba, C. and Pal-Singh, A. and Pan, Huang-Wei and Pang, B. and Pang, P. T. H. and Pankow, C. and Pannarale, F. and Pant, B. C. and Paoletti, F. and Paoli, A. and Papa, M. A. and Parida, A. and Parker, W. and Pascucci, D. and Pasqualetti, A. and Passaquieti, R. and Passuello, D. and Patil, M. and Patricelli, B. and Pearlstone, B. L. and Pedersen, C. and Pedraza, M. and Pedurand, R. and Pele, A. and Penn, S. and Perego, A. and Perez, C. J. and Perreca, A. and Pfeiffer, H. P. and Phelps, M. and Phukon, K. S. and Piccinni, O. J. and Pichot, M. and Piergiovanni, F. and Pillant, G. and Pinard, L. and Pirello, M. and Pitkin, M. and Poggiani, R. and Pong, D. Y. T. and Ponrathnam, S. and Popolizio, P. and Porter, E. K. and Powell, J. and Prajapati, A. K. and Prasad, J. and Prasai, K. and Prasanna, R. and Pratten, G. and Prestegard, T. and Privitera, S. and Prodi, G. A. and Prokhorov, L. G. and Puncken, O. and Punturo, M. and Puppo, P. and P\"urrer, M. and Qi, H. and Quetschke, V. and Quinonez, P. J. and Quintero, E. A. and Quitzow-James, R. and Raab, F. J. and Radkins, H. and Radulescu, N. and Raffai, P. and Raja, S. and Rajan, C. and Rajbhandari, B. and Rakhmanov, M. and Ramirez, K. E. and Ramos-Buades, A. and Rana, Javed and Rao, K. and Rapagnani, P. and Raymond, V. and Razzano, M. and Read, J. and Regimbau, T. and Rei, L. and Reid, S. and Reitze, D. H. and Ren, W. and Ricci, F. and Richardson, C. J. and Richardson, J. W. and Ricker, P. M. and Riemenschneider, G. M. and Riles, K. and Rizzo, M. and Robertson, N. A. and Robie, R. and Robinet, F. and Rocchi, A. and Rolland, L. and Rollins, J. G. and Roma, V. J. and Romanelli, M. and Romano, R. and Romel, C. L. and Romie, J. H. and Rose, K. and Rosi\ifmmode \acute{n}\else \'{n}\fi{}ska, D. and Rosofsky, S. G. and Ross, M. P. and Rowan, S. and R\"udiger, A. and Ruggi, P. and Rutins, G. and Ryan, K. and Sachdev, S. and Sadecki, T. and Sakellariadou, M. and Salafia, O. and Salconi, L. and Saleem, M. and Salemi, F. and Samajdar, A. and Sammut, L. and Sanchez, E. J. and Sanchez, L. E. and Sanchis-Gual, N. and Sandberg, V. and Sanders, J. R. and Santiago, K. A. and Sarin, N. and Sassolas, B. and Sathyaprakash, B. S. and Saulson, P. R. and Sauter, O. and Savage, R. L. and Schale, P. and Scheel, M. and Scheuer, J. and Schmidt, P. and Schnabel, R. and Schofield, R. M. S. and Sch\"onbeck, A. and Schreiber, E. and Schulte, B. W. and Schutz, B. F. and Schwalbe, S. G. and Scott, J. and Scott, S. M. and Seidel, E. and Sellers, D. and Sengupta, A. S. and Sennett, N. and Sentenac, D. and Sequino, V. and Sergeev, A. and Setyawati, Y. and Shaddock, D. A. and Shaffer, T. and Shahriar, M. S. and Shaner, M. B. and Shao, L. and Sharma, P. and Shawhan, P. and Shen, H. and Shink, R. and Shoemaker, D. H. and Shoemaker, D. M. and ShyamSundar, S. and Siellez, K. and Sieniawska, M. and Sigg, D. and Silva, A. D. and Singer, L. P. and Singh, N. and Singhal, A. and Sintes, A. M. and Sitmukhambetov, S. and Skliris, V. and Slagmolen, B. J. J. and Slaven-Blair, T. J. and Smith, J. R. and Smith, R. J. E. and Somala, S. and Son, E. J. and Sorazu, B. and Sorrentino, F. and Souradeep, T. and Sowell, E. and Spencer, A. P. and Srivastava, A. K. and Srivastava, V. and Staats, K. and Stachie, C. and Standke, M. and Steer, D. A. and Steinke, M. and Steinlechner, J. and Steinlechner, S. and Steinmeyer, D. and Stevenson, S. P. and Stocks, D. and Stone, R. and Stops, D. J. and Strain, K. A. and Stratta, G. and Strigin, S. E. and Strunk, A. and Sturani, R. and Stuver, A. L. and Sudhir, V. and Summerscales, T. Z. and Sun, L. and Sunil, S. and Suresh, J. and Sutton, P. J. and Swinkels, B. L. and Szczepa\ifmmode \acute{n}\else \'{n}\fi{}czyk, M. J. and Tacca, M. and Tait, S. C. and Talbot, C. and Talukder, D. and Tanner, D. B. and T\'apai, M. and Taracchini, A. and Tasson, J. D. and Taylor, R. and Thies, F. and Thomas, M. and Thomas, P. and Thondapu, S. R. and Thorne, K. A. and Thrane, E. and Tiwari, Shubhanshu and Tiwari, Srishti and Tiwari, V. and Toland, K. and Tonelli, M. and Tornasi, Z. and Torres-Forn\'e, A. and Torrie, C. I. and T\"oyr\"a, D. and Travasso, F. and Traylor, G. and Tringali, M. C. and Trovato, A. and Trozzo, L. and Trudeau, R. and Tsang, K. W. and Tse, M. and Tso, R. and Tsukada, L. and Tsuna, D. and Tuyenbayev, D. and Ueno, K. and Ugolini, D. and Unnikrishnan, C. S. and Urban, A. L. and Usman, S. A. and Vahlbruch, H. and Vajente, G. and Valdes, G. and van Bakel, N. and van Beuzekom, M. and van den Brand, J. F. J. and Van Den Broeck, C. and Vander-Hyde, D. C. and van Heijningen, J. V. and van der Schaaf, L. and van Veggel, A. A. and Vardaro, M. and Varma, V. and Vass, S. and Vas\'uth, M. and Vecchio, A. and Vedovato, G. and Veitch, J. and Veitch, P. J. and Venkateswara, K. and Venugopalan, G. and Verkindt, D. and Vetrano, F. and Vicer\'e, A. and Viets, A. D. and Vine, D. J. and Vinet, J.-Y. and Vitale, S. and Vo, T. and Vocca, H. and Vorvick, C. and Vyatchanin, S. P. and Wade, A. R. and Wade, L. E. and Wade, M. and Walet, R. and Walker, M. and Wallace, L. and Walsh, S. and Wang, G. and Wang, H. and Wang, J. Z. and Wang, W. H. and Wang, Y. F. and Ward, R. L. and Warden, Z. A. and Warner, J. and Was, M. and Watchi, J. and Weaver, B. and Wei, L.-W. and Weinert, M. and Weinstein, A. J. and Weiss, R. and Wellmann, F. and Wen, L. and Wessel, E. K. and We\ss{}els, P. and Westhouse, J. W. and Wette, K. and Whelan, J. T. and White, L. V. and Whiting, B. F. and Whittle, C. and Wilken, D. M. and Williams, D. and Williamson, A. R. and Willis, J. L. and Willke, B. and Wimmer, M. H. and Winkler, W. and Wipf, C. C. and Wittel, H. and Woan, G. and Woehler, J. and Wofford, J. K. and Worden, J. and Wright, J. L. and Wu, D. S. and Wysocki, D. M. and Xiao, L. and Yamamoto, H. and Yancey, C. C. and Yang, L. and Yap, M. J. and Yazback, M. and Yeeles, D. W. and Yu, Hang and Yu, Haocun and Yuen, S. H. R. and Yvert, M. and Zadro\ifmmode \dot{z}\else \.{z}\fi{}ny, A. K. and Zanolin, M. and Zappa, F. and Zelenova, T. and Zendri, J.-P. and Zevin, M. and Zhang, J. and Zhang, L. and Zhang, T. and Zhao, C. and Zhou, M. and Zhou, Z. and Zhu, X. J. and Zimmerman, A. B. and Zlochower, Y. and Zucker, M. E. and Zweizig, J.},
  collaboration = {LIGO Scientific Collaboration and Virgo Collaboration},
  journal = {Phys. Rev. X},
  volume = {9},
  issue = {3},
  pages = {031040},
  numpages = {49},
  year = {2019},
  month = {Sep},
  publisher = {American Physical Society},
  doi = {10.1103/PhysRevX.9.031040},
  url = {https://link.aps.org/doi/10.1103/PhysRevX.9.031040}
}

@misc{GWTC2_2020,
      title={GWTC-2: Compact Binary Coalescences Observed by LIGO and Virgo During the First Half of the Third Observing Run}, 
      author={R. Abbott and T. D. Abbott and S. Abraham and F. Acernese and K. Ackley and A. Adams and C. Adams and R. X. Adhikari and V. B. Adya and C. Affeldt and M. Agathos and K. Agatsuma and N. Aggarwal and O. D. Aguiar and L. Aiello and A. Ain and P. Ajith and S. Akcay and G. Allen and A. Allocca and P. A. Altin and A. Amato and S. Anand and A. Ananyeva and S. B. Anderson and W. G. Anderson and S. V. Angelova and S. Ansoldi and J. M. Antelis and S. Antier and S. Appert and K. Arai and M. C. Araya and J. S. Areeda and M. Arène and N. Arnaud and S. M. Aronson and K. G. Arun and Y. Asali and S. Ascenzi and G. Ashton and S. M. Aston and P. Astone and F. Aubin and P. Aufmuth and K. AultONeal and C. Austin and V. Avendano and S. Babak and F. Badaracco and M. K. M. Bader and S. Bae and A. M. Baer and S. Bagnasco and J. Baird and M. Ball and G. Ballardin and S. W. Ballmer and A. Bals and A. Balsamo and G. Baltus and S. Banagiri and D. Bankar and R. S. Bankar and J. C. Barayoga and C. Barbieri and B. C. Barish and D. Barker and P. Barneo and S. Barnum and F. Barone and B. Barr and L. Barsotti and M. Barsuglia and D. Barta and J. Bartlett and I. Bartos and R. Bassiri and A. Basti and M. Bawaj and J. C. Bayley and M. Bazzan and B. R. Becher and B. Bécsy and V. M. Bedakihale and M. Bejger and I. Belahcene and D. Beniwal and M. G. Benjamin and T. F. Bennett and J. D. Bentley and F. Bergamin and B. K. Berger and G. Bergmann and S. Bernuzzi and C. P. L. Berry and D. Bersanetti and A. Bertolini and J. Betzwieser and R. Bhandare and A. V. Bhandari and D. Bhattacharjee and J. Bidler and I. A. Bilenko and G. Billingsley and R. Birney and O. Birnholtz and S. Biscans and M. Bischi and S. Biscoveanu and A. Bisht and M. Bitossi and M. -A. Bizouard and J. K. Blackburn and J. Blackman and C. D. Blair and D. G. Blair and R. M. Blair and O. Blanch and F. Bobba and N. Bode and M. Boer and Y. Boetzel and G. Bogaert and M. Boldrini and F. Bondu and R. Bonnand and E. Bonilla and P. Booker and B. A. Boom and R. Bork and V. Boschi and S. Bose and V. Bossilkov and V. Boudart and Y. Bouffanais and A. Bozzi and C. Bradaschia and P. R. Brady and A. Bramley and M. Branchesi and J. E. Brau and M. Breschi and T. Briant and J. H. Briggs and F. Brighenti and A. Brillet and M. Brinkmann and P. Brockill and A. F. Brooks and J. Brooks and D. D. Brown and S. Brunett and G. Bruno and R. Bruntz and A. Buikema and T. Bulik and H. J. Bulten and A. Buonanno and R. Buscicchio and D. Buskulic and R. L. Byer and M. Cabero and L. Cadonati and M. Caesar and G. Cagnoli and C. Cahillane and J. Calderón Bustillo and J. D. Callaghan and T. A. Callister and E. Calloni and J. B. Camp and M. Canepa and K. C. Cannon and H. Cao and J. Cao and G. Carapella and F. Carbognani and M. F. Carney and M. Carpinelli and G. Carullo and T. L. Carver and J. Casanueva Diaz and C. Casentini and S. Caudill and M. Cavaglià and F. Cavalier and R. Cavalieri and G. Cella and P. Cerdá-Durán and E. Cesarini and W. Chaibi and K. Chakravarti and C. -L. Chan and C. Chan and K. Chandra and P. Chanial and S. Chao and P. Charlton and E. A. Chase and E. Chassande-Mottin and D. Chatterjee and D. Chattopadhyay and M. Chaturvedi and K. Chatziioannou and A. Chen and H. Y. Chen and X. Chen and Y. Chen and H. -P. Cheng and C. K. Cheong and H. Y. Chia and F. Chiadini and R. Chierici and A. Chincarini and A. Chiummo and G. Cho and H. S. Cho and M. Cho and S. Choate and N. Christensen and Q. Chu and S. Chua and K. W. Chung and S. Chung and G. Ciani and P. Ciecielag and M. Cieślar and M. Cifaldi and A. A. Ciobanu and R. Ciolfi and F. Cipriano and A. Cirone and F. Clara and E. N. Clark and J. A. Clark and L. Clarke and P. Clearwater and S. Clesse and F. Cleva and E. Coccia and P. -F. Cohadon and D. E. Cohen and M. Colleoni and C. G. Collette and C. Collins and M. Colpi and M. Constancio Jr. au2 and L. Conti and S. J. Cooper and P. Corban and T. R. Corbitt and I. Cordero-Carrión and S. Corezzi and K. R. Corley and N. Cornish and D. Corre and A. Corsi and S. Cortese and C. A. Costa and R. Cotesta and M. W. Coughlin and S. B. Coughlin and J. -P. Coulon and S. T. Countryman and B. Cousins and P. Couvares and P. B. Covas and D. M. Coward and M. J. Cowart and D. C. Coyne and R. Coyne and J. D. E. Creighton and T. D. Creighton and M. Croquette and S. G. Crowder and J. R. Cudell and T. J. Cullen and A. Cumming and R. Cummings and L. Cunningham and E. Cuoco and M. Curylo and T. Dal Canton and G. Dálya and A. Dana and L. M. DaneshgaranBajastani and B. D'Angelo and B. Danila and S. L. Danilishin and S. D'Antonio and K. Danzmann and C. Darsow-Fromm and A. Dasgupta and L. E. H. Datrier and V. Dattilo and I. Dave and M. Davier and G. S. Davies and D. Davis and E. J. Daw and R. Dean and D. DeBra and M. Deenadayalan and J. Degallaix and M. De Laurentis and S. Deléglise and V. Del Favero and F. De Lillo and N. De Lillo and W. Del Pozzo and L. M. DeMarchi and F. De Matteis and V. D'Emilio and N. Demos and T. Denker and T. Dent and A. Depasse and R. De Pietri and R. De Rosa and C. De Rossi and R. DeSalvo and O. de Varona and S. Dhurandhar and M. C. Díaz and M. Diaz-Ortiz Jr. au2 and N. A. Didio and T. Dietrich and L. Di Fiore and C. DiFronzo and C. Di Giorgio and F. Di Giovanni and M. Di Giovanni and T. Di Girolamo and A. Di Lieto and B. Ding and S. Di Pace and I. Di Palma and F. Di Renzo and A. K. Divakarla and A. Dmitriev and Z. Doctor and L. D'Onofrio and F. Donovan and K. L. Dooley and S. Doravari and I. Dorrington and T. P. Downes and M. Drago and J. C. Driggers and Z. Du and J. -G. Ducoin and P. Dupej and O. Durante and D. D'Urso and P. -A. Duverne and S. E. Dwyer and P. J. Easter and G. Eddolls and B. Edelman and T. B. Edo and O. Edy and A. Effler and J. Eichholz and S. S. Eikenberry and M. Eisenmann and R. A. Eisenstein and A. Ejlli and L. Errico and R. C. Essick and H. Estellés and D. Estevez and Z. B. Etienne and T. Etzel and M. Evans and T. M. Evans and B. E. Ewing and V. Fafone and H. Fair and S. Fairhurst and X. Fan and A. M. Farah and S. Farinon and B. Farr and W. M. Farr and E. J. Fauchon-Jones and M. Favata and M. Fays and M. Fazio and J. Feicht and M. M. Fejer and F. Feng and E. Fenyvesi and D. L. Ferguson and A. Fernandez-Galiana and I. Ferrante and T. A. Ferreira and F. Fidecaro and P. Figura and I. Fiori and D. Fiorucci and M. Fishbach and R. P. Fisher and J. M. Fishner and R. Fittipaldi and M. Fitz-Axen and V. Fiumara and R. Flaminio and E. Floden and E. Flynn and H. Fong and J. A. Font and P. W. F. Forsyth and J. -D. Fournier and S. Frasca and F. Frasconi and Z. Frei and A. Freise and R. Frey and V. Frey and P. Fritschel and V. V. Frolov and G. G. Fronzé and P. Fulda and M. Fyffe and H. A. Gabbard and B. U. Gadre and S. M. Gaebel and J. R. Gair and J. Gais and S. Galaudage and R. Gamba and D. Ganapathy and A. Ganguly and S. G. Gaonkar and B. Garaventa and C. García-Quirós and F. Garufi and B. Gateley and S. Gaudio and V. Gayathri and G. Gemme and A. Gennai and D. George and J. George and R. N. George and L. Gergely and S. Ghonge and Abhirup Ghosh and Archisman Ghosh and S. Ghosh and B. Giacomazzo and L. Giacoppo and J. A. Giaime and K. D. Giardina and D. R. Gibson and C. Gier and K. Gill and P. Giri and J. Glanzer and A. E. Gleckl and P. Godwin and E. Goetz and R. Goetz and N. Gohlke and B. Goncharov and G. González and A. Gopakumar and S. E. Gossan and M. Gosselin and R. Gouaty and B. Grace and A. Grado and M. Granata and V. Granata and A. Grant and S. Gras and P. Grassia and C. Gray and R. Gray and G. Greco and A. C. Green and R. Green and E. M. Gretarsson and H. L. Griggs and G. Grignani and A. Grimaldi and E. Grimes and S. J. Grimm and H. Grote and S. Grunewald and P. Gruning and J. G. Guerrero and G. M. Guidi and A. R. Guimaraes and G. Guixé and H. K. Gulati and Y. Guo and Anchal Gupta and Anuradha Gupta and P. Gupta and E. K. Gustafson and R. Gustafson and F. Guzman and L. Haegel and O. Halim and E. D. Hall and E. Z. Hamilton and G. Hammond and M. Haney and M. M. Hanke and J. Hanks and C. Hanna and M. D. Hannam and O. A. Hannuksela and O. Hannuksela and H. Hansen and T. J. Hansen and J. Hanson and T. Harder and T. Hardwick and K. Haris and J. Harms and G. M. Harry and I. W. Harry and D. Hartwig and R. K. Hasskew and C. -J. Haster and K. Haughian and F. J. Hayes and J. Healy and A. Heidmann and M. C. Heintze and J. Heinze and J. Heinzel and H. Heitmann and F. Hellman and P. Hello and A. F. Helmling-Cornell and G. Hemming and M. Hendry and I. S. Heng and E. Hennes and J. Hennig and M. H. Hennig and F. Hernandez Vivanco and M. Heurs and S. Hild and P. Hill and A. S. Hines and S. Hochheim and E. Hofgard and D. Hofman and J. N. Hohmann and A. M. Holgado and N. A. Holland and I. J. Hollows and Z. J. Holmes and K. Holt and D. E. Holz and P. Hopkins and C. Horst and J. Hough and E. J. Howell and C. G. Hoy and D. Hoyland and Y. Huang and M. T. Hübner and A. D. Huddart and E. A. Huerta and B. Hughey and V. Hui and S. Husa and S. H. Huttner and B. M. Hutzler and R. Huxford and T. Huynh-Dinh and B. Idzkowski and A. Iess and S. Imperato and H. Inchauspe and C. Ingram and G. Intini and M. Isi and B. R. Iyer and V. JaberianHamedan and T. Jacqmin and S. J. Jadhav and S. P. Jadhav and A. L. James and K. Jani and K. Janssens and N. N. Janthalur and P. Jaranowski and D. Jariwala and R. Jaume and A. C. Jenkins and M. Jeunon and J. Jiang and G. R. Johns and N. K. Johnson-McDaniel and A. W. Jones and D. I. Jones and J. D. Jones and P. Jones and R. Jones and R. J. G. Jonker and L. Ju and J. Junker and C. V. Kalaghatgi and V. Kalogera and B. Kamai and S. Kandhasamy and G. Kang and J. B. Kanner and S. J. Kapadia and D. P. Kapasi and C. Karathanasis and S. Karki and R. Kashyap and M. Kasprzack and W. Kastaun and S. Katsanevas and E. Katsavounidis and W. Katzman and K. Kawabe and F. Kéfélian and D. Keitel and J. S. Key and S. Khadka and F. Y. Khalili and I. Khan and S. Khan and E. A. Khazanov and N. Khetan and M. Khursheed and N. Kijbunchoo and C. Kim and G. J. Kim and J. C. Kim and K. Kim and W. S. Kim and Y. -M. Kim and C. Kimball and P. J. King and M. Kinley-Hanlon and R. Kirchhoff and J. S. Kissel and L. Kleybolte and S. Klimenko and T. D. Knowles and E. Knyazev and P. Koch and S. M. Koehlenbeck and G. Koekoek and S. Koley and M. Kolstein and K. Komori and V. Kondrashov and A. Kontos and N. Koper and M. Korobko and W. Z. Korth and M. Kovalam and D. B. Kozak and C. Krämer and V. Kringel and N. V. Krishnendu and A. Królak and G. Kuehn and A. Kumar and P. Kumar and Rahul Kumar and Rakesh Kumar and K. Kuns and S. Kwang and B. D. Lackey and D. Laghi and E. Lalande and T. L. Lam and A. Lamberts and M. Landry and B. B. Lane and R. N. Lang and J. Lange and B. Lantz and R. K. Lanza and I. La Rosa and A. Lartaux-Vollard and P. D. Lasky and M. Laxen and A. Lazzarini and C. Lazzaro and P. Leaci and S. Leavey and Y. K. Lecoeuche and H. M. Lee and H. W. Lee and J. Lee and K. Lee and J. Lehmann and E. Leon and N. Leroy and N. Letendre and Y. Levin and A. Li and J. Li and K. J. L. Li and T. G. F. Li and X. Li and F. Linde and S. D. Linker and J. N. Linley and T. B. Littenberg and J. Liu and X. Liu and M. Llorens-Monteagudo and R. K. L. Lo and A. Lockwood and L. T. London and A. Longo and M. Lorenzini and V. Loriette and M. Lormand and G. Losurdo and J. D. Lough and C. O. Lousto and G. Lovelace and H. Lück and D. Lumaca and A. P. Lundgren and Y. Ma and R. Macas and M. MacInnis and D. M. Macleod and I. A. O. MacMillan and A. Macquet and I. Magaña Hernandez and F. Magaña-Sandoval and C. Magazzù and R. M. Magee and E. Majorana and I. Maksimovic and S. Maliakal and A. Malik and N. Man and V. Mandic and V. Mangano and G. L. Mansell and M. Manske and M. Mantovani and M. Mapelli and F. Marchesoni and F. Marion and S. Márka and Z. Márka and C. Markakis and A. S. Markosyan and A. Markowitz and E. Maros and A. Marquina and S. Marsat and F. Martelli and I. W. Martin and R. M. Martin and M. Martinez and V. Martinez and D. V. Martynov and H. Masalehdan and K. Mason and E. Massera and A. Masserot and T. J. Massinger and M. Masso-Reid and S. Mastrogiovanni and A. Matas and M. Mateu-Lucena and F. Matichard and M. Matiushechkina and N. Mavalvala and E. Maynard and J. J. McCann and R. McCarthy and D. E. McClelland and S. McCormick and L. McCuller and S. C. McGuire and C. McIsaac and J. McIver and D. J. McManus and T. McRae and S. T. McWilliams and D. Meacher and G. D. Meadors and M. Mehmet and A. K. Mehta and A. Melatos and D. A. Melchor and G. Mendell and A. Menendez-Vazquez and R. A. Mercer and L. Mereni and K. Merfeld and E. L. Merilh and J. D. Merritt and M. Merzougui and S. Meshkov and C. Messenger and C. Messick and R. Metzdorff and P. M. Meyers and F. Meylahn and A. Mhaske and A. Miani and H. Miao and I. Michaloliakos and C. Michel and H. Middleton and L. Milano and A. L. Miller and M. Millhouse and J. C. Mills and E. Milotti and M. C. Milovich-Goff and O. Minazzoli and Y. Minenkov and Ll. M. Mir and A. Mishkin and C. Mishra and T. Mistry and S. Mitra and V. P. Mitrofanov and G. Mitselmakher and R. Mittleman and G. Mo and K. Mogushi and S. R. P. Mohapatra and S. R. Mohite and I. Molina and M. Molina-Ruiz and M. Mondin and M. Montani and C. J. Moore and D. Moraru and F. Morawski and G. Moreno and S. Morisaki and B. Mours and C. M. Mow-Lowry and S. Mozzon and F. Muciaccia and Arunava Mukherjee and D. Mukherjee and Soma Mukherjee and Subroto Mukherjee and N. Mukund and A. Mullavey and J. Munch and E. A. Muñiz and P. G. Murray and S. L. Nadji and A. Nagar and I. Nardecchia and L. Naticchioni and R. K. Nayak and B. F. Neil and J. Neilson and G. Nelemans and T. J. N. Nelson and M. Nery and A. Neunzert and A. H. Nitz and K. Y. Ng and S. Ng and C. Nguyen and P. Nguyen and T. Nguyen and S. A. Nichols and S. Nissanke and F. Nocera and M. Noh and C. North and D. Nothard and L. K. Nuttall and J. Oberling and B. D. O'Brien and J. O'Dell and G. Oganesyan and G. H. Ogin and J. J. Oh and S. H. Oh and F. Ohme and H. Ohta and M. A. Okada and C. Olivetto and P. Oppermann and R. J. Oram and B. O'Reilly and R. G. Ormiston and L. F. Ortega and R. O'Shaughnessy and S. Ossokine and C. Osthelder and D. J. Ottaway and H. Overmier and B. J. Owen and A. E. Pace and G. Pagano and M. A. Page and G. Pagliaroli and A. Pai and S. A. Pai and J. R. Palamos and O. Palashov and C. Palomba and H. Pan and P. K. Panda and T. H. Pang and C. Pankow and F. Pannarale and B. C. Pant and F. Paoletti and A. Paoli and A. Paolone and W. Parker and D. Pascucci and A. Pasqualetti and R. Passaquieti and D. Passuello and M. Patel and B. Patricelli and E. Payne and T. C. Pechsiri and M. Pedraza and M. Pegoraro and A. Pele and S. Penn and A. Perego and C. J. Perez and C. Périgois and A. Perreca and S. Perriès and J. Petermann and D. Petterson and H. P. Pfeiffer and K. A. Pham and K. S. Phukon and O. J. Piccinni and M. Pichot and M. Piendibene and F. Piergiovanni and L. Pierini and V. Pierro and G. Pillant and F. Pilo and L. Pinard and I. M. Pinto and K. Piotrzkowski and M. Pirello and M. Pitkin and E. Placidi and W. Plastino and C. Pluchar and R. Poggiani and E. Polini and D. Y. T. Pong and S. Ponrathnam and P. Popolizio and E. K. Porter and A. Poverman and J. Powell and M. Pracchia and A. K. Prajapati and K. Prasai and R. Prasanna and G. Pratten and T. Prestegard and M. Principe and G. A. Prodi and L. Prokhorov and P. Prosposito and L. Prudenzi and A. Puecher and M. Punturo and F. Puosi and P. Puppo and M. Pürrer and H. Qi and V. Quetschke and P. J. Quinonez and R. Quitzow-James and F. J. Raab and G. Raaijmakers and H. Radkins and N. Radulesco and P. Raffai and H. Rafferty and S. X. Rail and S. Raja and C. Rajan and B. Rajbhandari and M. Rakhmanov and K. E. Ramirez and T. D. Ramirez and A. Ramos-Buades and J. Rana and K. Rao and P. Rapagnani and U. D. Rapol and B. Ratto and V. Raymond and M. Razzano and J. Read and T. Regimbau and L. Rei and S. Reid and D. H. Reitze and P. Rettegno and F. Ricci and C. J. Richardson and J. W. Richardson and L. Richardson and P. M. Ricker and G. Riemenschneider and K. Riles and M. Rizzo and N. A. Robertson and F. Robinet and A. Rocchi and J. A. Rocha and S. Rodriguez and R. D. Rodriguez-Soto and L. Rolland and J. G. Rollins and V. J. Roma and M. Romanelli and R. Romano and C. L. Romel and A. Romero and I. M. Romero-Shaw and J. H. Romie and S. Ronchini and C. A. Rose and D. Rose and K. Rose and M. J. B. Rosell and D. Rosińska and S. G. Rosofsky and M. P. Ross and S. Rowan and S. J. Rowlinson and Santosh Roy and Soumen Roy and P. Ruggi and K. Ryan and S. Sachdev and T. Sadecki and J. Sadiq and M. Sakellariadou and O. S. Salafia and L. Salconi and M. Saleem and A. Samajdar and E. J. Sanchez and J. H. Sanchez and L. E. Sanchez and N. Sanchis-Gual and J. R. Sanders and L. Sandles and K. A. Santiago and E. Santos and T. R. Saravanan and N. Sarin and B. Sassolas and B. S. Sathyaprakash and O. Sauter and R. L. Savage and V. Savant and D. Sawant and S. Sayah and D. Schaetzl and P. Schale and M. Scheel and J. Scheuer and A. Schindler-Tyka and P. Schmidt and R. Schnabel and R. M. S. Schofield and A. Schönbeck and E. Schreiber and B. W. Schulte and B. F. Schutz and O. Schwarm and E. Schwartz and J. Scott and S. M. Scott and M. Seglar-Arroyo and E. Seidel and D. Sellers and A. S. Sengupta and N. Sennett and D. Sentenac and V. Sequino and A. Sergeev and Y. Setyawati and T. Shaffer and M. S. Shahriar and S. Sharifi and A. Sharma and P. Sharma and P. Shawhan and H. Shen and M. Shikauchi and R. Shink and D. H. Shoemaker and D. M. Shoemaker and K. Shukla and S. ShyamSundar and M. Sieniawska and D. Sigg and L. P. Singer and D. Singh and N. Singh and A. Singha and A. Singhal and A. M. Sintes and V. Sipala and V. Skliris and B. J. J. Slagmolen and T. J. Slaven-Blair and J. Smetana and J. R. Smith and R. J. E. Smith and S. N. Somala and E. J. Son and K. Soni and S. Soni and B. Sorazu and V. Sordini and F. Sorrentino and N. Sorrentino and R. Soulard and T. Souradeep and E. Sowell and A. P. Spencer and M. Spera and A. K. Srivastava and V. Srivastava and K. Staats and C. Stachie and D. A. Steer and J. Steinhoff and M. Steinke and J. Steinlechner and S. Steinlechner and D. Steinmeyer and S. P. Stevenson and G. Stolle-McAllister and D. J. Stops and M. Stover and K. A. Strain and G. Stratta and A. Strunk and R. Sturani and A. L. Stuver and J. Südbeck and S. Sudhagar and V. Sudhir and H. G. Suh and T. Z. Summerscales and H. Sun and L. Sun and S. Sunil and A. Sur and J. Suresh and P. J. Sutton and B. L. Swinkels and M. J. Szczepańczyk and M. Tacca and S. C. Tait and C. Talbot and A. J. Tanasijczuk and D. B. Tanner and D. Tao and A. Tapia and E. N. Tapia San Martin and J. D. Tasson and R. Taylor and R. Tenorio and L. Terkowski and M. P. Thirugnanasambandam and L. M. Thomas and M. Thomas and P. Thomas and J. E. Thompson and S. R. Thondapu and K. A. Thorne and E. Thrane and Shubhanshu Tiwari and Srishti Tiwari and V. Tiwari and K. Toland and A. E. Tolley and M. Tonelli and Z. Tornasi and A. Torres-Forné and C. I. Torrie and I. Tosta e Melo and D. Töyrä and A. T. Tran and A. Trapananti and F. Travasso and G. Traylor and M. C. Tringali and A. Tripathee and A. Trovato and R. J. Trudeau and D. S. Tsai and K. W. Tsang and M. Tse and R. Tso and L. Tsukada and D. Tsuna and T. Tsutsui and M. Turconi and A. S. Ubhi and R. P. Udall and K. Ueno and D. Ugolini and C. S. Unnikrishnan and A. L. Urban and S. A. Usman and A. C. Utina and H. Vahlbruch and G. Vajente and A. Vajpeyi and G. Valdes and M. Valentini and V. Valsan and N. van Bakel and M. van Beuzekom and J. F. J. van den Brand and C. Van Den Broeck and D. C. Vander-Hyde and L. van der Schaaf and J. V. van Heijningen and M. Vardaro and A. F. Vargas and V. Varma and S. Vass and M. Vasúth and A. Vecchio and G. Vedovato and J. Veitch and P. J. Veitch and K. Venkateswara and J. Venneberg and G. Venugopalan and D. Verkindt and Y. Verma and D. Veske and F. Vetrano and A. Viceré and A. D. Viets and A. Vijaykumar and V. Villa-Ortega and J. -Y. Vinet and S. Vitale and T. Vo and H. Vocca and C. Vorvick and S. P. Vyatchanin and A. R. Wade and L. E. Wade and M. Wade and R. C. Walet and M. Walker and G. S. Wallace and L. Wallace and S. Walsh and J. Z. Wang and S. Wang and W. H. Wang and Y. F. Wang and R. L. Ward and J. Warner and M. Was and N. Y. Washington and J. Watchi and B. Weaver and L. Wei and M. Weinert and A. J. Weinstein and R. Weiss and F. Wellmann and L. Wen and P. Weßels and J. W. Westhouse and K. Wette and J. T. Whelan and D. D. White and L. V. White and B. F. Whiting and C. Whittle and D. M. Wilken and D. Williams and M. J. Williams and A. R. Williamson and J. L. Willis and B. Willke and D. J. Wilson and M. H. Wimmer and W. Winkler and C. C. Wipf and G. Woan and J. Woehler and J. K. Wofford and I. C. F. Wong and J. Wrangel and J. L. Wright and D. S. Wu and D. M. Wysocki and L. Xiao and H. Yamamoto and L. Yang and Y. Yang and Z. Yang and M. J. Yap and D. W. Yeeles and A. Yoon and Hang Yu and Haocun Yu and S. H. R. Yuen and A. Zadrożny and M. Zanolin and T. Zelenova and J. -P. Zendri and M. Zevin and J. Zhang and L. Zhang and R. Zhang and T. Zhang and C. Zhao and G. Zhao and Y. Zheng and M. Zhou and Z. Zhou and X. J. Zhu and A. B. Zimmerman and Y. Zlochower and M. E. Zucker and J. Zweizig},
      year={2020},
      eprint={2010.14527},
      archivePrefix={arXiv},
      primaryClass={gr-qc}
}

@misc{Zucker:LIGOAplus,
	Author = {M. Zucker},
	Institution = {LIGO},
	Number = {G1601435},
	Title = {Getting an A+: Enhancing Advanced LIGO},
	Howpublished = {\url{https://dcc.ligo.org/LIGO-G1601435/public}},
	Year = {2016},
	Bdsk-Url-1 = {https://dcc.ligo.org/LIGO-G1601435/public}}
	
@article{2015PhRvD..91f2005M,
 adsnote = {Provided by the SAO/NASA Astrophysics Data System},
 adsurl = {https://ui.adsabs.harvard.edu/abs/2015PhRvD..91f2005M},
 archiveprefix = {arXiv},
 author = {{Miller}, John and {Barsotti}, Lisa and {Vitale}, Salvatore and
{Fritschel}, Peter and {Evans}, Matthew and {Sigg}, Daniel},
 doi = {10.1103/PhysRevD.91.062005},
 eid = {062005},
 eprint = {1410.5882},
 journal = {\prd},
 keywords = {04.80.Nn, 07.60.Ly, 95.55.Ym, 95.85.Sz, Gravitational wave detectors and experiments, Interferometers, Gravitational radiation detectors, mass spectrometers, and other instrumentation and techniques, Gravitational radiation magnetic fields and other observations, General Relativity and Quantum Cosmology, Astrophysics - Instrumentation and Methods for Astrophysics},
 month = {March},
 number = {6},
 pages = {062005},
 primaryclass = {gr-qc},
 title = {{Prospects for doubling the range of Advanced LIGO}},
 volume = {91},
 year = {2015}
}	

@misc{Cagnoli:VirgoAplus,
	Author = {G. Cagnoli},
	Institution = {LIGO},
	Number = {G1800472},
	Title = {Advanced Virgo + Overview},
	Howpublished = {\url{https://dcc.ligo.org/LIGO-G1800472}},
	Year = {2016},
	Bdsk-Url-1 = {https://dcc.ligo.org/LIGO-G1800472}}
